<?xml version="1.0" encoding="UTF-8"?><collection xmlns="http://www.loc.gov/MARC21/slim"><record><leader>00423nam--2200169-u-4500</leader><controlfield tag="001">000051900</controlfield><controlfield tag="002">20161230</controlfield><controlfield tag="005">20161230201049</controlfield><controlfield tag="008">090415s1000------------r-----000-0-eng-d</controlfield><datafield ind1=" " ind2=" " tag="040"><subfield code="a">IFIN-HH</subfield></datafield><datafield ind1=" " ind2=" " tag="080"><subfield code="a">517.95</subfield></datafield><datafield ind1="1" ind2=" " tag="100"><subfield code="a">Pommare,Zh</subfield></datafield><datafield ind1="1" ind2="0" tag="245"><subfield code="a">Sistemy Uravnenii s Chastnymi Proizvodnymi i Psevdogruppy Li</subfield></datafield><datafield ind1=" " ind2=" " tag="260"><subfield code="a">moskva</subfield><subfield code="b">Mir</subfield><subfield code="c">1983</subfield></datafield><datafield ind1=" " ind2=" " tag="300"><subfield code="a">400 p</subfield></datafield><datafield ind1=" " ind2=" " tag="852"><subfield code="a">71737</subfield><subfield code="c">517.9</subfield></datafield><datafield ind1=" " ind2=" " tag="CAT"><subfield code="a">Sys</subfield><subfield code="c">20090415</subfield><subfield code="h">131454</subfield></datafield></record></collection>